<?xml version="1.0" encoding="UTF-8"?>
<collection xmlns:xsi="http://www.w3.org/2001/XMLSchema-instance" xsi:schemaLocation="http://www.loc.gov/MARC21/slim http://www.loc.gov/standards/marcxml/schema/MARC21slim.xsd" xmlns="http://www.loc.gov/MARC21/slim">
<record>
  <leader>01218cam a2200301 a 4500</leader>
  <controlfield tag="001">596447</controlfield>
  <controlfield tag="003">NNC</controlfield>
  <controlfield tag="005">20130423141643.0</controlfield>
  <controlfield tag="008">870921r19821969ir       b    001 0 arar </controlfield>
  <datafield tag="010" ind1=" " ind2=" ">
    <subfield code="a">   85931808 </subfield>
  </datafield>
  <datafield tag="035" ind1=" " ind2=" ">
    <subfield code="a">(OCoLC)15550511</subfield>
  </datafield>
  <datafield tag="035" ind1=" " ind2=" ">
    <subfield code="a">(OCoLC)ocm15550511</subfield>
  </datafield>
  <datafield tag="035" ind1=" " ind2=" ">
    <subfield code="a">(CStRLIN)NYCG87-B76222</subfield>
  </datafield>
  <datafield tag="035" ind1=" " ind2=" ">
    <subfield code="9">ACQ0998CU</subfield>
  </datafield>
  <datafield tag="035" ind1=" " ind2=" ">
    <subfield code="a">(NNC)596447</subfield>
  </datafield>
  <datafield tag="050" ind1="0" ind2=" ">
    <subfield code="a">PJ6696.Z5</subfield>
    <subfield code="b">I543 1982</subfield>
  </datafield>
  <datafield tag="090" ind1=" " ind2=" ">
    <subfield code="a">PJ6696.Z5</subfield>
    <subfield code="b">I543 1982</subfield>
  </datafield>
  <datafield tag="100" ind1="1" ind2=" ">
    <subfield code="a">Ibn al-Anbārī, ʻAbd al-Raḥmān ibn Muḥammad,</subfield>
    <subfield code="d">1119-1181.</subfield>
  </datafield>
  <datafield tag="245" ind1="1" ind2="3">
    <subfield code="a">al-Bayān fī gharīb iʻrāb al-Qurʾān /</subfield>
    <subfield code="c">taʾlīf Abū al-Barakāt ibn al-Anbārī ; taḥqīq Ṭāhā ʻAbd al-Ḥamīd Ṭāhā ; murājaʻat Muṣṭafá al-Saqqā.</subfield>
  </datafield>
  <datafield tag="260" ind1=" " ind2=" ">
    <subfield code="a">Qum, Īrān :</subfield>
    <subfield code="b">Intishārāt al-Hijrah,</subfield>
    <subfield code="c">1403 [1982 or 1983]</subfield>
  </datafield>
  <datafield tag="300" ind1=" " ind2=" ">
    <subfield code="a">2 v. ;</subfield>
    <subfield code="c">25 cm.</subfield>
  </datafield>
  <datafield tag="500" ind1=" " ind2=" ">
    <subfield code="a">Reprint. Originally published: Cairo : Dār al-Kātib al-ʻArabī, 1969-1970.</subfield>
  </datafield>
  <datafield tag="504" ind1=" " ind2=" ">
    <subfield code="a">Bibliography: v. 2, p. 575-576.</subfield>
  </datafield>
  <datafield tag="500" ind1=" " ind2=" ">
    <subfield code="a">Includes index.</subfield>
  </datafield>
  <datafield tag="630" ind1="0" ind2="0">
    <subfield code="a">Qurʼan</subfield>
    <subfield code="x">Language, style</subfield>
    <subfield code="v">Early works to 1800.</subfield>
  </datafield>
  <datafield tag="650" ind1=" " ind2="0">
    <subfield code="a">Arabic language</subfield>
    <subfield code="x">Inflection</subfield>
    <subfield code="v">Early works to 1800.</subfield>
  </datafield>
  <datafield tag="700" ind1="1" ind2=" ">
    <subfield code="a">Ṭāhā, Ṭāhā ʻAbd al-Ḥamīd.</subfield>
  </datafield>
  <datafield tag="700" ind1="1" ind2=" ">
    <subfield code="a">Saqqā, Muṣṭafá.</subfield>
  </datafield>
  <datafield tag="955" ind1=" " ind2=" ">
    <subfield code="b">CU01097458</subfield>
    <subfield code="d">off,glx</subfield>
    <subfield code="e">PJ6696.Z5 I543 1982</subfield>
    <subfield code="v">v.1</subfield>
  </datafield>
</record>
</collection>